<record xmlns="http://www.openarchives.org/OAI/2.0/" xmlns:xsi="http://www.w3.org/2001/XMLSchema-instance"><header><identifier>oai:alma.34CSIC_INST:990013498730204201</identifier><datestamp>2020-03-13T08:21:39Z</datestamp><setSpec>manuscripta</setSpec></header><metadata><record xmlns="http://www.loc.gov/MARC21/slim" xmlns:xsi="http://www.w3.org/2001/XMLSchema-instance" xsi:schemaLocation="http://www.loc.gov/MARC21/slim http://www.loc.gov/standards/marcxml/schema/MARC21slim.xsd"><leader>08426ntm a2200649 i 4500</leader><controlfield tag="005">20200312133739.0</controlfield><controlfield tag="008">100727s18651281              000 0 ara d</controlfield><controlfield tag="001">990013498730204201</controlfield><datafield tag="035" ind1=" " ind2=" "><subfield code="a">CSIC001349873</subfield></datafield><datafield tag="035" ind1=" " ind2=" "><subfield code="a">(ES-MaCSI)001349873MAD01-Aleph</subfield></datafield><datafield tag="035" ind1=" " ind2=" "><subfield code="a">(OCoLC)1123820261
</subfield></datafield><datafield tag="040" ind1=" " ind2=" "><subfield code="a">ES-MaCSI</subfield><subfield code="b">spa</subfield></datafield><datafield tag="245" ind1="1" ind2="0"><subfield code="a">مؤلف نحوي‭</subfield><subfield code="h">[‭Manuscrito]</subfield></datafield><datafield tag="260" ind1=" " ind2=" "><subfield code="c">[1865] 1281 de la Hégira.</subfield></datafield><datafield tag="300" ind1=" " ind2=" "><subfield code="a">76 f. ;</subfield><subfield code="c">19,3 x 14,8 cm (caja: 14,5 x 8,3 cm).</subfield></datafield><datafield tag="490" ind1="1" ind2=" "><subfield code="a">Manuscripta</subfield></datafield><datafield tag="546" ind1=" " ind2=" "><subfield code="a">Arabe</subfield><subfield code="b">Escritura magrebí</subfield></datafield><datafield tag="500" ind1=" " ind2=" "><subfield code="a">Título transliterado: Mu'allaf naḥwī</subfield></datafield><datafield tag="500" ind1=" " ind2=" "><subfield code="a">Título facticio</subfield></datafield><datafield tag="500" ind1=" " ind2=" "><subfield code="a">Distribución: 1 col. La mayor parte de la obra tiene 25 líneas por página.</subfield></datafield><datafield tag="500" ind1=" " ind2=" "><subfield code="a">Material: Papel</subfield></datafield><datafield tag="500" ind1=" " ind2=" "><subfield code="a">Tinta: Negra, azul, amarilla, verde y roja</subfield></datafield><datafield tag="500" ind1=" " ind2=" "><subfield code="a">من غيركم او الموصوف كالحديث :‪Incipit</subfield></datafield><datafield tag="500" ind1=" " ind2=" "><subfield code="a">اي تغير في رايحته او في ضرورة كفوله الحَمْدُ للهِ العَلِي الأَجْلِلِ الوَسِع الفَضْل الوَهُوبِ المجْزِلِ :Explicit‪</subfield></datafield><datafield tag="500" ind1=" " ind2=" "><subfield code="a">Lugar de escritura: No consta</subfield></datafield><datafield tag="500" ind1=" " ind2=" "><subfield code="a">Fecha completa: viernes 7 šaʽbān 1281 / 5 enero 1865</subfield></datafield><datafield tag="500" ind1=" " ind2=" "><subfield code="a">مُحمد الأمين بن الطّاهر بن الطيّب بن عبد السّلام بن العرب الطّود الحسني ‪Copista:</subfield></datafield><datafield tag="500" ind1=" " ind2=" "><subfield code="a">‪Colofón: كمل بحمد الله وحسن عونه وصلى الله على سيدنا محمد وآله وصحبه وكان الفراغ منه عَشية يَوْم الجمُعة سابع شعبان الأبرك عام إحدى وثمانين وألف على يد كاتبه عبد ربه وأحْقَر الوري بين يَديْه مُحمد الأمين بن الطاهر بن الطيّب بْن عَبد السَّلام بن العرب الطّود الحسني كان الله له بمنه وتولاه وآخر دعوانا أن الحمد لله رب العالمين انتهى هذا</subfield></datafield><datafield tag="500" ind1=" " ind2=" "><subfield code="a">Características especiales: Texto vocalizado</subfield></datafield><datafield tag="500" ind1=" " ind2=" "><subfield code="a">Ilustración: No</subfield></datafield><datafield tag="500" ind1=" " ind2=" "><subfield code="a">Ilustraciones: En todo el volumen se utilizan varios tipos de elemento decorativo. - Los epígrafes al igual que algunas palabras se marcan con tinta negra, azul, amarilla, verde o roja; en un trazo mucho más grande y alargado que el resto del texto.</subfield></datafield><datafield tag="500" ind1=" " ind2=" "><subfield code="a">Tipo de cuaderno: 7 cuads.: sólo se conservan completos 5 bifolios (uno de ellos tiene los folios pegados) y 2 cuaterniones, el resto son folios sueltos (algunos están pegados con otros formando bifolios)</subfield></datafield><datafield tag="500" ind1=" " ind2=" "><subfield code="a">Deterioros: En general, buen estado del texto. - Descosido de los cuadernos. - En todos los folios del volumen hay galerías, manchas y degradaciones severas de la tinta que afectan al texto.</subfield></datafield><datafield tag="500" ind1=" " ind2=" "><subfield code="a">H en blanco: 3 H en blanco: folios 74v, 75 y 76.</subfield></datafield><datafield tag="500" ind1=" " ind2=" "><subfield code="a">H dañadas, mutiladas, sueltas: H dañadas: todos los folios del volumen tienen degradaciones de la tinta. - H sueltas: prácticamente todos folios de la obra están sueltos.</subfield></datafield><datafield tag="500" ind1=" " ind2=" "><subfield code="a">H faltan o añadidas: H faltan: faltan algunos folios del principio cuyo número no se puede determinar</subfield></datafield><datafield tag="500" ind1=" " ind2=" "><subfield code="a">Foliación: Sin foliación original. - Foliación moderna a lápiz hecha por Naima Anahnah (2010)</subfield></datafield><datafield tag="500" ind1=" " ind2=" "><subfield code="a">Reclamos: Reclamos en tinta negra o roja en el margen inferior izquierdo de todos los folios verso.</subfield></datafield><datafield tag="500" ind1=" " ind2=" "><subfield code="a">Sign. cuad.: No</subfield></datafield><datafield tag="500" ind1=" " ind2=" "><subfield code="a">Pautado: Punta seca (casi inapreciable).</subfield></datafield><datafield tag="500" ind1=" " ind2=" "><subfield code="a">Filigrana: No</subfield></datafield><datafield tag="563" ind1=" " ind2=" "><subfield code="a">Encuadernación: Sin encuadernación. La obra se guarda dentro de un sobre amarillo (23 x 17,5 cm).</subfield></datafield><datafield tag="541" ind1=" " ind2=" "><subfield code="a">Compra</subfield><subfield code="c">[Familia Granados Montoro]</subfield><subfield code="d">Ingreso: 25 de julio de 1986</subfield></datafield><datafield tag="500" ind1=" " ind2=" "><subfield code="a">Signatura antigua: VOL. XXIX; CAJA 2-2</subfield></datafield><datafield tag="500" ind1=" " ind2=" "><subfield code="a">Anotaciones: El volumen es acéfalo. - Frecuentes anotaciones marginales en tinta negra que enmiendan, aclaran o corrigen el texto del volumen. - Cuando se trata de correcciones aparece la letra خ seguida de la corrección, y cuando se trata de una llamada de atención aparece la palabra قف seguida de los vocablos correspondientes. - Casi la totalidad de estas anotaciones perteneces al mismo copista, aunque hay algunas muy escasas que son de otra mano. - En la esquina superior derecha del folio 1r está anotada a lápiz el número 4, que probablemente hacía referencia al número de catalogación del volumen antes de su ingreso en la BEEA. - En el reverso del sobre está anotado a lápiz: “4” en la esquina superior derecha, “Caja 2,2” en la esquina inferior derecha y “XXIX” en la esquina superior izquierda; además de una etiqueta blanca encima de “XXIX” donde se registra nuevamente la antigua signatura del volumen “Caja 2,2”.</subfield></datafield><datafield tag="581" ind1=" " ind2=" "><subfield code="a">Descripción: No</subfield></datafield><datafield tag="530" ind1=" " ind2=" "><subfield code="a">Otros soportes: No</subfield></datafield><datafield tag="581" ind1=" " ind2=" "><subfield code="a">Edición: No</subfield></datafield><datafield tag="510" ind1=" " ind2=" "><subfield code="a">No</subfield></datafield><datafield tag="520" ind1="2" ind2=" "><subfield code="a">Contenido: Mu'allaf naḥwī [Incompleto y acéfalo]</subfield></datafield><datafield tag="650" ind1=" " ind2="7"><subfield code="a">Arabe</subfield><subfield code="x">Gramática</subfield><subfield code="v">Manuscritos.</subfield><subfield code="2">CSICAU</subfield></datafield><datafield tag="700" ind1="1" ind2=" "><subfield code="a">Ḥasanī, Muḥammad al-Amīn b. al-Ṭāhir b. al-Ṭayyib b. ʽAbd al-Salām b. al-ʽArabī al-Ṭūd al-,</subfield><subfield code="e">cop.</subfield></datafield><datafield tag="740" ind1="0" ind2=" "><subfield code="a">Mu'allaf naḥwī</subfield></datafield><datafield tag="830" ind1=" " ind2="0"><subfield code="a">Manuscripta</subfield></datafield><datafield tag="856" ind1="4" ind2="1"><subfield code="u">http://aleph.csic.es/imagenes/mad01/0006_PMSC/P_001349873_783239_V00.pdf</subfield><subfield code="z">Descargar Pdf completo (33M)</subfield><subfield code="m">CSIC</subfield></datafield><datafield tag="856" ind1="4" ind2="1"><subfield code="u">http://simurg.bibliotecas.csic.es/viewer/image/CSIC001349873/1/</subfield><subfield code="z">Ver texto completo en SIMURG, el portal de fondos digitalizados del CSIC</subfield><subfield code="m">CSIC</subfield></datafield><datafield tag="856" ind1="4" ind2="1"><subfield code="u">http://aleph.csic.es/imagenes/mad01/0006_PMSC/html/001349873.html</subfield><subfield code="z">Ver texto completo en Bookreader</subfield></datafield></record></metadata></record>